<?xml version="1.0" encoding="UTF-8"?><collection xmlns="http://www.loc.gov/MARC21/slim"><record><leader>00577nam--2200133-i-4500</leader><controlfield tag="001">000033487</controlfield><controlfield tag="002">20161230</controlfield><controlfield tag="005">20161230201039</controlfield><controlfield tag="008">060222s1000------------r-----000-0-eng-d</controlfield><datafield ind1=" " ind2=" " tag="080"><subfield code="a">669.018:620.191</subfield></datafield><datafield ind1=" " ind2=" " tag="100"><subfield code="a">Moore, H.F./S.A.</subfield></datafield><datafield ind1=" " ind2=" " tag="245"><subfield code="a">Surface stressing of metals. a series of five educational lectures on effect of surface stressing metals on endurance under repeated loadings presented to members of the a.s.m.during the twenty-seventh national metal congress and exposition, cleveland,</subfield></datafield><datafield ind1=" " ind2=" " tag="260"><subfield code="a">Cleveland, Ohio, American Society For Metals, 1947, 197p</subfield></datafield><datafield ind1=" " ind2=" " tag="852"><subfield code="a">5130</subfield></datafield></record></collection>